
@misc{bendersky_how_nodate,
	title = {How debuggers work: {Part} 1 - {Basics} - {Eli} {Bendersky}'s website},
	url = {https://eli.thegreenplace.net/2011/01/23/how-debuggers-work-part-1/},
	urldate = {2018-01-30},
	journal = {Eli Bendersky's Website},
	author = {Bendersky, Eli},
	file = {How debuggers work\: Part 1 - Basics - Eli Bendersky's website:C\:\\Users\\egonm\\Zotero\\storage\\BS4VMK78\\how-debuggers-work-part-1.html:text/html}
}