@book {rechenberg:1986,
	author = {P. Rechenberg, H. M\"ossenb\"ock},
	title = {Coco -- Ein Compiler Compiler},
	publisher = {Hanser Verlag},
	year = {1986}
}

@misc {khason:2008,
	author = {T. Khason},
	title = {Computer languages and facial hair -- take two},
	month = {April},
	year = {2008},
	howpublished = "{http://khason.net/blog/computer-languages-and-facial-hair-Ð-take-two/}"
}